[gd_scene load_steps=18 format=1]

[ext_resource path="res://player.gd" type="Script" id=1]
[ext_resource path="res://images/player.png" type="Texture" id=2]
[ext_resource path="res://soundEffects/ghosting.smp" type="Sample" id=3]
[ext_resource path="res://soundEffects/respawning.smp" type="Sample" id=4]
[ext_resource path="res://soundEffects/respawning2.smp" type="Sample" id=5]
[ext_resource path="res://soundEffects/shapeShift.smp" type="Sample" id=6]

[sub_resource type="RectangleShape2D" id=1]

custom_solver_bias = 0.0
extents = Vector2( 3, 73 )

[sub_resource type="RectangleShape2D" id=2]

custom_solver_bias = 0.0
extents = Vector2( 3, 73 )

[sub_resource type="CircleShape2D" id=3]

custom_solver_bias = 0.0
radius = 25.0

[sub_resource type="ConvexPolygonShape2D" id=4]

custom_solver_bias = 0.0
points = Vector2Array( -10, 30, -20, -10, -10, -40, 0, -60, 10, -40, 20, -10, 10, 30 )

[sub_resource type="ConvexPolygonShape2D" id=5]

custom_solver_bias = 0.0
points = Vector2Array( 20, -10, 60, 0, 40, 20, 10, 30 )

[sub_resource type="ConvexPolygonShape2D" id=6]

custom_solver_bias = 0.0
points = Vector2Array( -40, 20, -60, 0, -20, -10, -10, 30 )

[sub_resource type="CircleShape2D" id=7]

custom_solver_bias = 0.0
radius = 35.0

[sub_resource type="ColorRamp" id=8]

offsets = FloatArray( 0, 1 )
colors = ColorArray( 0.186813, 0.204195, 0.207031, 0.358871, 0, 0, 0, 0 )

[sub_resource type="ColorRamp" id=9]

offsets = FloatArray( 0, 1 )
colors = ColorArray( 1, 1, 1, 0.0171065, 1, 1, 1, 0 )

[sub_resource type="ColorRamp" id=10]

offsets = FloatArray( 0, 1 )
colors = ColorArray( 0.372986, 0, 0.492188, 0.249756, 0.523438, 0.888306, 1, 0 )

[sub_resource type="SampleLibrary" id=11]

samples/respawning2 = { "db":0.0, "pitch":1.0, "sample":ExtResource( 5 ) }
samples/ghosting = { "db":-15.0, "pitch":1.0, "sample":ExtResource( 3 ) }
samples/respawning = { "db":0.0, "pitch":1.0, "sample":ExtResource( 4 ) }
samples/shapeShift = { "db":0.0, "pitch":1.0, "sample":ExtResource( 6 ) }

[node name="Player" type="RigidBody2D"]

input/pickable = false
shapes/0/shape = SubResource( 1 )
shapes/0/transform = Matrix32( 0.893371, 0.449319, -0.449319, 0.893371, -32.4915, 6.59214 )
shapes/0/trigger = false
shapes/1/shape = SubResource( 2 )
shapes/1/transform = Matrix32( 0.893371, -0.449319, 0.449319, 0.893371, 32.5085, 6.59214 )
shapes/1/trigger = false
shapes/2/shape = SubResource( 3 )
shapes/2/transform = Matrix32( 1, 0, 0, 1, 0, 0 )
shapes/2/trigger = true
shapes/3/shape = SubResource( 4 )
shapes/3/transform = Matrix32( 1, 0, 0, 1, 0, 0 )
shapes/3/trigger = true
shapes/4/shape = SubResource( 5 )
shapes/4/transform = Matrix32( 1, 0, 0, 1, 0, 0 )
shapes/4/trigger = true
shapes/5/shape = SubResource( 6 )
shapes/5/transform = Matrix32( 1, 0, 0, 1, 0, 0 )
shapes/5/trigger = true
collision/layers = 1
collision/mask = 1
mode = 0
mass = 1.0
friction = 1.0
bounce = 0.9
gravity_scale = 1.0
custom_integrator = false
continuous_cd = 0
contacts_reported = 1
contact_monitor = true
sleeping = false
can_sleep = false
velocity/linear = Vector2( 0, 0 )
velocity/angular = 0.0
damp_override/linear = -1.0
damp_override/angular = -1.0
script/script = ExtResource( 1 )

[node name="Sprite" type="Sprite" parent="."]

transform/scale = Vector2( 4, 4 )
texture = ExtResource( 2 )
hframes = 4

[node name="Camera2D" type="Camera2D" parent="."]

anchor_mode = 1
rotating = false
current = true
zoom = Vector2( 1, 1 )
limit/left = -10000000
limit/top = -10000000
limit/right = 10000000
limit/bottom = 10000000
drag_margin/h_enabled = true
drag_margin/v_enabled = true
smoothing/enable = true
smoothing/speed = 5.0
drag_margin/left = 0.2
drag_margin/top = 0.2
drag_margin/right = 0.2
drag_margin/bottom = 0.2

[node name="LeftClimberLeg" type="CollisionShape2D" parent="."]

transform/pos = Vector2( -32.4915, 6.59214 )
transform/rot = -26.7
shape = SubResource( 1 )
trigger = false
_update_shape_index = 0

[node name="RightClimberLeg" type="CollisionShape2D" parent="."]

transform/pos = Vector2( 32.5085, 6.59214 )
transform/rot = 26.7
shape = SubResource( 2 )
trigger = false
_update_shape_index = 1

[node name="ball" type="CollisionShape2D" parent="."]

shape = SubResource( 3 )
trigger = true
_update_shape_index = 2

[node name="anchor" type="CollisionPolygon2D" parent="."]

build_mode = 0
polygon = Vector2Array( -60, 0, -40, 20, -10, 30, 10, 30, 40, 20, 60, 0, 20, -10, 10, -40, 0, -60, -10, -40, -20, -10 )
shape_range = Vector2( 3, 5 )
trigger = true

[node name="proximitySensor" type="Area2D" parent="."]

input/pickable = false
shapes/0/shape = SubResource( 7 )
shapes/0/transform = Matrix32( 1, 0, 0, 1, 0, 0 )
shapes/0/trigger = false
gravity_vec = Vector2( 0, 1 )
gravity = 98.0
linear_damp = 0.1
angular_damp = 1.0
collision/layers = 2
collision/mask = 2

[node name="proximity" type="CollisionShape2D" parent="proximitySensor"]

shape = SubResource( 7 )
trigger = false
_update_shape_index = 0

[node name="GhostParticles" type="Particles2D" parent="."]

config/amount = 128
config/lifetime = 4.0
config/preprocess = 1.0
config/emitting = false
config/local_space = false
params/direction = 0.0
params/spread = 180.0
params/linear_velocity = 60.0
params/spin_velocity = 10.0
params/orbit_velocity = 0.0
params/gravity_direction = 0.0
params/gravity_strength = 0.0
params/radial_accel = 0.0
params/tangential_accel = 0.0
params/damping = 0.0
params/initial_angle = 360.0
params/initial_size = 40.0
params/final_size = 1.0
params/hue_variation = 0.0
params/anim_speed_scale = 1.0
params/anim_initial_pos = 0.0
randomness/spin_velocity = 1.0
randomness/initial_angle = 1.0
color/color_ramp = SubResource( 8 )

[node name="ShapeShiftParticles" type="Particles2D" parent="."]

config/amount = 64
config/lifetime = 1.0
config/preprocess = 1.0
config/emit_timeout = 0.5
config/emitting = false
config/explosiveness = 0.1
params/direction = 0.0
params/spread = 180.0
params/linear_velocity = 100.0
params/spin_velocity = 1.0
params/orbit_velocity = 0.0
params/gravity_direction = 0.0
params/gravity_strength = 9.8
params/radial_accel = 0.0
params/tangential_accel = 0.0
params/damping = 0.0
params/initial_angle = 360.0
params/initial_size = 180.0
params/final_size = 1.0
params/hue_variation = 0.0
params/anim_speed_scale = 1.0
params/anim_initial_pos = 0.0
randomness/linear_velocity = 0.3
randomness/spin_velocity = 1.0
randomness/initial_angle = 1.0
color/color_ramp = SubResource( 9 )

[node name="RespawningParticles" type="Particles2D" parent="."]

config/amount = 256
config/lifetime = 2.0
config/emitting = false
config/local_space = false
params/direction = 0.0
params/spread = 180.0
params/linear_velocity = 300.0
params/spin_velocity = 0.0
params/orbit_velocity = 0.0
params/gravity_direction = 0.0
params/gravity_strength = 0.0
params/radial_accel = 0.0
params/tangential_accel = 0.0
params/damping = 0.0
params/initial_angle = 360.0
params/initial_size = 30.0
params/final_size = 1.0
params/hue_variation = 0.0
params/anim_speed_scale = 1.0
params/anim_initial_pos = 0.0
randomness/initial_angle = 1.0
color/color_ramp = SubResource( 10 )

[node name="SamplePlayer" type="SamplePlayer" parent="."]

config/polyphony = 1
config/samples = SubResource( 11 )
default/volume_db = 0.0
default/pitch_scale = 1.0
default/pan = 0.0
default/depth = 0.0
default/height = 0.0
default/filter/type = 0
default/filter/cutoff = 5000.0
default/filter/resonance = 1.0
default/filter/gain = 1.0
default/reverb_room = 2
default/reverb_send = 0.0
default/chorus_send = 0.0


